@book{alur_2015,
  author = {Alur, Rajeev},
  year = {2015},
  title = {Principles of Cyber-Physical Systems},
  publisher = {MIT Press},
  place={Cambridge, MA}
}

@misc{nusmv,
  title={NuSMV: A new symbolic model Checker},
  howpublished = {\url{https://nusmv.fbk.eu/}},
  journal={NuSMV}
}

@INPROCEEDINGS{lvl-2013-707009,
  TITLE = {PyNuSMV: NuSMV as a Python Library},
  AUTHOR = {Simon Busard and Charles Pecheur},
  YEAR = {2013},
  VOLUME = {7871},
  PAGES =  {453-458},
  PUBLISHER = {Springer-Verlag},
  EDITOR = {G. Brat and N. Rungta and and A. Venet},
  SERIES = {LNCS},
  URL = {https://lvl.info.ucl.ac.be/Publications/PyNuSMVNuSMVAsAPythonLibrary},
}

@misc{pynusmv,
  title={PyNuSMV 1.0RC8 documentation},
  howpublished = {\url{https://pynusmv.readthedocs.io/}},
  journal={PyNuSMV}
} 